<records xmlns="http://www.openarchives.org/OAI/2.0/">
<record>
  <header>
    <identifier>oai:mst.rochester.edu:marcnormalization/162</identifier>
    <datestamp />
    <predecessors>
      <predecessor>oai:mst.rochester.edu:164</predecessor>
    </predecessors>
    <setSpec>MARCXML Bibliographic Records</setSpec>
    <status>deleted</status>
  </header>
  <metadata>
    <marc:record xmlns:marc="http://www.loc.gov/MARC21/slim" xmlns:xsi="http://www.w3.org/2001/XMLSchema-instance" xsi:schemaLocation="http://www.loc.gov/MARC21/slim http://www.loc.gov/standards/marcxml/schema/MARC21slim.xsd">
      <marc:leader>01191cas a2200289 a 45 0</marc:leader>
      <marc:controlfield tag="001">73955</marc:controlfield>
      <marc:controlfield tag="003">NRU</marc:controlfield>
      <marc:controlfield tag="005">20010302103721.0</marc:controlfield>
      <marc:controlfield tag="008">910320c19909999ne mnzp       0   a0eng d</marc:controlfield>
      <marc:datafield ind1=" " ind2=" " tag="010">
        <marc:subfield code="a">sn 92005178</marc:subfield>
      </marc:datafield>
      <marc:datafield ind1=" " ind2=" " tag="022">
        <marc:subfield code="a">0925-4439</marc:subfield>
      </marc:datafield>
      <marc:datafield ind1=" " ind2=" " tag="030">
        <marc:subfield code="a">BBADEX</marc:subfield>
      </marc:datafield>
      <marc:datafield ind1=" " ind2=" " tag="035">
        <marc:subfield code="a">(OCoLC)23273598</marc:subfield>
      </marc:datafield>
      <marc:datafield ind1=" " ind2=" " tag="035">
        <marc:subfield code="9">01307347</marc:subfield>
      </marc:datafield>
      <marc:datafield ind1=" " ind2=" " tag="040">
        <marc:subfield code="a">NRT</marc:subfield>
        <marc:subfield code="c">NRT</marc:subfield>
        <marc:subfield code="d">NSD</marc:subfield>
        <marc:subfield code="d">NST</marc:subfield>
        <marc:subfield code="d">RNM</marc:subfield>
      </marc:datafield>
      <marc:datafield ind1=" " ind2=" " tag="049">
        <marc:subfield code="a">RNMM</marc:subfield>
      </marc:datafield>
      <marc:datafield ind1=" " ind2=" " tag="099">
        <marc:subfield code="a">Serial</marc:subfield>
      </marc:datafield>
      <marc:datafield ind1="0" ind2=" " tag="210">
        <marc:subfield code="a">Biochim. biophys. acta, Mol. basis dis.</marc:subfield>
      </marc:datafield>
      <marc:datafield ind1=" " ind2="0" tag="222">
        <marc:subfield code="a">Biochimica et biophysica acta. Molecular basis of disease</marc:subfield>
      </marc:datafield>
      <marc:datafield ind1="0" ind2="0" tag="245">
        <marc:subfield code="a">Biochimica et biophysica acta.</marc:subfield>
        <marc:subfield code="p">Molecular basis of disease</marc:subfield>
      </marc:datafield>
      <marc:datafield ind1="1" ind2="0" tag="246">
        <marc:subfield code="a">Molecular basis of disease</marc:subfield>
      </marc:datafield>
      <marc:datafield ind1="1" ind2="0" tag="246">
        <marc:subfield code="a">BBA</marc:subfield>
      </marc:datafield>
      <marc:datafield ind1=" " ind2=" " tag="260">
        <marc:subfield code="a">Amsterdam :</marc:subfield>
        <marc:subfield code="b">Elsevier Pub. Co.,</marc:subfield>
      </marc:datafield>
      <marc:datafield ind1=" " ind2=" " tag="500">
        <marc:subfield code="a">Description based on: vol. 1315 (1996).</marc:subfield>
      </marc:datafield>
      <marc:datafield ind1=" " ind2=" " tag="590">
        <marc:subfield code="a">Between 1947 and 1995 Miner subscribed to all 10 pts. of BBA. Beginning in 1996, Miner subscribes to the following 6 pts. only: BIOMEMBRANES; GENERAL SUBJECTS; MOLECULAR BASIS OF DISEASE; MOLECULAR CELL RESEARCH; REVIEWS ON BIOMEMBRANES; REVIEWS ON CANCER (this explains gaps in numeration on shelf.) Subscriptions to the other 4 pts. are held by Carlson.</marc:subfield>
      </marc:datafield>
      <marc:datafield ind1=" " ind2="2" tag="650">
        <marc:subfield code="a">Molecular Biology</marc:subfield>
        <marc:subfield code="x">periodicals.</marc:subfield>
      </marc:datafield>
      <marc:datafield ind1=" " ind2="2" tag="650">
        <marc:subfield code="a">Pathology</marc:subfield>
        <marc:subfield code="x">periodicals.</marc:subfield>
      </marc:datafield>
      <marc:datafield tag="931" ind1=" " ind2=" ">
        <marc:subfield code="a">Text</marc:subfield>
        <marc:subfield code="5">NRU</marc:subfield>
      </marc:datafield>
      <marc:datafield tag="932" ind1=" " ind2=" ">
        <marc:subfield code="a">Language material</marc:subfield>
        <marc:subfield code="5">NRU</marc:subfield>
      </marc:datafield>
      <marc:datafield tag="933" ind1=" " ind2=" ">
        <marc:subfield code="a">Text</marc:subfield>
        <marc:subfield code="5">NRU</marc:subfield>
      </marc:datafield>
      <marc:datafield tag="935" ind1=" " ind2=" ">
        <marc:subfield code="a">Serial</marc:subfield>
        <marc:subfield code="5">NRU</marc:subfield>
      </marc:datafield>
      <marc:datafield tag="035" ind1=" " ind2=" ">
        <marc:subfield code="a">(NRU)73955</marc:subfield>
      </marc:datafield>
      <marc:datafield tag="937" ind1=" " ind2=" ">
        <marc:subfield code="a">Non-Fiction</marc:subfield>
        <marc:subfield code="5">NRU</marc:subfield>
      </marc:datafield>
      <marc:datafield tag="939" ind1=" " ind2=" ">
        <marc:subfield code="a">1990-</marc:subfield>
        <marc:subfield code="5">NRU</marc:subfield>
      </marc:datafield>
      <marc:datafield tag="941" ind1=" " ind2=" ">
        <marc:subfield code="a">eng</marc:subfield>
        <marc:subfield code="5">NRU</marc:subfield>
      </marc:datafield>
      <marc:datafield tag="943" ind1=" " ind2=" ">
        <marc:subfield code="a">English</marc:subfield>
        <marc:subfield code="5">NRU</marc:subfield>
      </marc:datafield>
      <marc:datafield tag="130" ind1="0" ind2=" ">
        <marc:subfield code="a">Biochimica et biophysica acta.</marc:subfield>
        <marc:subfield code="p">Molecular basis of disease</marc:subfield>
      </marc:datafield>
      <marc:datafield tag="965" ind1=" " ind2="2">
        <marc:subfield code="a">Molecular Biology</marc:subfield>
        <marc:subfield code="5">NRU</marc:subfield>
      </marc:datafield>
      <marc:datafield tag="965" ind1=" " ind2="2">
        <marc:subfield code="a">Pathology</marc:subfield>
        <marc:subfield code="5">NRU</marc:subfield>
      </marc:datafield>
      <marc:datafield tag="965" ind1=" " ind2="2">
        <marc:subfield code="x">periodicals.</marc:subfield>
        <marc:subfield code="5">NRU</marc:subfield>
      </marc:datafield>
      <marc:datafield tag="965" ind1=" " ind2="2">
        <marc:subfield code="x">periodicals.</marc:subfield>
        <marc:subfield code="5">NRU</marc:subfield>
      </marc:datafield>
    </marc:record>
  </metadata>
</record>
</records>
